<record><leader>00000cas a22000007a 4500</leader><controlfield tag="001">9886801</controlfield><controlfield tag="007">hd afv---baca</controlfield><controlfield tag="008">830908d18361841nyuwr nea     0    0eng d</controlfield><controlfield tag="009">1356</controlfield><datafield ind1=" " ind2=" " tag="010"><subfield code="a">sf 88093236 </subfield></datafield><datafield ind1=" " ind2=" " tag="040"><subfield code="a">AFU</subfield><subfield code="b">eng</subfield><subfield code="c">AFU</subfield><subfield code="d">PES</subfield><subfield code="d">DLC</subfield><subfield code="d">NST</subfield><subfield code="d">FUG</subfield><subfield code="d">DLC</subfield><subfield code="d">OCL</subfield><subfield code="d">IUL</subfield><subfield code="d">OCLCQ</subfield><subfield code="d">OCLCG</subfield><subfield code="d">CRU</subfield><subfield code="d">OCLCF</subfield><subfield code="d">OCLCO</subfield></datafield><datafield ind1=" " ind2=" " tag="012"><subfield code="i">9005</subfield></datafield><datafield ind1="1" ind2=" " tag="029"><subfield code="a">AU@</subfield><subfield code="b">000006240680</subfield></datafield><datafield ind1=" " ind2=" " tag="042"><subfield code="a">msc</subfield></datafield><datafield ind1="0" ind2="0" tag="050"><subfield code="a">Microfilm 01104 no. 1090-1092 AP</subfield></datafield><datafield ind1="1" ind2="4" tag="050"><subfield code="a">AP2</subfield><subfield code="b">.A1 APSII reel 1090-1092</subfield></datafield><datafield ind1=" " ind2=" " tag="092"><subfield code="a">051</subfield><subfield code="b">A51p2</subfield></datafield><datafield ind1="0" ind2=" " tag="130"><subfield code="a">New-Yorker (1836)</subfield></datafield><datafield ind1="0" ind2="4" tag="245"><subfield code="a">The New-Yorker</subfield><subfield code="h">[microform].</subfield></datafield><datafield ind1="3" ind2=" " tag="246"><subfield code="a">New Yorker</subfield></datafield><datafield ind1=" " ind2=" " tag="250"><subfield code="a">[Quarto ed.].</subfield></datafield><datafield ind1=" " ind2=" " tag="260"><subfield code="a">New-York, N.Y. :</subfield><subfield code="b">H. Greeley &amp; Co.,</subfield><subfield code="c">1836-1841.</subfield></datafield><datafield ind1=" " ind2=" " tag="300"><subfield code="a">11 v. ;</subfield><subfield code="c">32 cm.</subfield></datafield><datafield ind1=" " ind2=" " tag="310"><subfield code="a">Weekly</subfield></datafield><datafield ind1="0" ind2=" " tag="362"><subfield code="a">Vol. 1, no. 1 (Mar. 26, 1836)-v. 11, no. 26 (Sept. 11, 1841).</subfield></datafield><datafield ind1=" " ind2=" " tag="500"><subfield code="a">Selecting much of the literature from other magazines, Horace Greeley founded the New-Yorker. Two editions of the Whiggish paper were circulated. One was a folio which began in 1834 and the second was a quarto edition begun in 1836. Greeley was assisted for a time by R. Griswold, Park Benjamin, and Henry Ware. In the last weekly issue, September 11, 1841, the subscribers were advised that the New-Yorker would be replaced by the New York Weekly Tribune. Since the Tribune was to be a Whig political paper, subscribers could choose between it, the New World which was another literary weekly, or have their money refunded. Cf. American periodicals, 1741-1900.</subfield></datafield><datafield ind1=" " ind2=" " tag="500"><subfield code="a">Title from caption.</subfield></datafield><datafield ind1=" " ind2=" " tag="500"><subfield code="a">Editors: 1836-1841, H. Greeley (with P. Benjamin, Mar.?-Oct. 1839).</subfield></datafield><datafield ind1=" " ind2=" " tag="580"><subfield code="a">Merged with: New-Yorker (1834); to form: New-York weekly tribune.</subfield></datafield><datafield ind1=" " ind2=" " tag="533"><subfield code="a">Microfilm.</subfield><subfield code="b">Ann Arbor, Mich. :</subfield><subfield code="c">University Microfilms.</subfield><subfield code="e">3 microfilm reels ; 35 mm.</subfield><subfield code="f">(American periodical series, 1800-1850 ; 1090-1092).</subfield></datafield><datafield ind1=" " ind2="0" tag="651"><subfield code="a">New York (N.Y.)</subfield><subfield code="v">Newspapers.</subfield></datafield><datafield ind1=" " ind2="0" tag="651"><subfield code="a">New York County (N.Y.)</subfield><subfield code="v">Newspapers.</subfield></datafield><datafield ind1=" " ind2="7" tag="655"><subfield code="a">Newspapers.</subfield><subfield code="2">fast</subfield><subfield code="0">(OCoLC)fst01423814</subfield></datafield><datafield ind1=" " ind2="7" tag="651"><subfield code="a">New York (State)</subfield><subfield code="z">New York.</subfield><subfield code="2">fast</subfield><subfield code="0">(OCoLC)fst01204333</subfield></datafield><datafield ind1=" " ind2="7" tag="651"><subfield code="a">New York (State)</subfield><subfield code="z">New York County.</subfield><subfield code="2">fast</subfield><subfield code="0">(OCoLC)fst01234953</subfield></datafield><datafield ind1="1" ind2=" " tag="700"><subfield code="a">Greeley, Horace,</subfield><subfield code="d">1811-1872.</subfield></datafield><datafield ind1="1" ind2=" " tag="700"><subfield code="a">Benjamin, Park,</subfield><subfield code="d">1809-1864.</subfield></datafield><datafield ind1=" " ind2=" " tag="752"><subfield code="a">United States</subfield><subfield code="b">New York</subfield><subfield code="c">New York</subfield><subfield code="d">New York.</subfield></datafield><datafield ind1="1" ind2=" " tag="776"><subfield code="c">Original</subfield><subfield code="w">(DLC)sn 86091368</subfield><subfield code="w">(OCoLC)1588060</subfield></datafield><datafield ind1="1" ind2="7" tag="785"><subfield code="t">New-Yorker (1834)</subfield></datafield><datafield ind1="1" ind2="7" tag="785"><subfield code="t">New-York weekly tribune</subfield></datafield><datafield ind1=" " ind2="0" tag="830"><subfield code="a">American periodical series, 1800-1850 ;</subfield><subfield code="v">1090-1092.</subfield></datafield><datafield ind1=" " ind2=" " tag="850"><subfield code="a">DLC</subfield><subfield code="a">FU</subfield><subfield code="a">IaAS</subfield><subfield code="a">InLP</subfield><subfield code="a">NcD</subfield></datafield></record>